@book{Dorigo2004,
  title     = {Ant colony optimization},
  author    = {Dorigo, Marco and Stutzle, Thomas},
  publisher = {Bradford Books},
  series    = {A Bradford Book},
  month     = jun,
  year      = 2004,
  address   = {Cambridge, MA},
  language  = {en}
}